@ARTICLE{8247206, 
	author={B. G. Carkhuff and P. A. Demirev and R. Srinivasan}, 
	journal={IEEE Transactions on Industrial Electronics}, 
	title={Impedance-Based Battery Management System for Safety Monitoring of Lithium-Ion Batteries}, 
	year={2018}, 
	volume={65}, 
	number={8}, 
	pages={6497-6504}, 
	keywords={battery management systems;electric impedance measurement;lithium compounds;safety;secondary cells;battery charging;safety monitoring;lithium-ion batteries;multifrequency impedance measurements;battery safety;cell matching;cell mismatch;battery overdischarge;cell voltages;overdischarged cells;impedance-based battery management system;single-cell lithium-ion batteries;multicell lithium-ion batteries;low-pwer multifrequency BMS;electrical efficiency;battery thermal safety;calendar-aged cells;impedance-based BMS;frequency 1.0 Hz to 1000.0 Hz;Li;Batteries;Temperature measurement;Monitoring;Temperature sensors;Impedance;Safety;Aging;Anode impedance;cathode impedance;cell internal temperature;cell matching in batteries;electrolyte resistance;lithium-ion battery;real-time monitoring;sensorless monitoring internal states}, 
	doi={10.1109/TIE.2017.2786199}, 
	ISSN={0278-0046}, 
	month={Aug},}

@inproceedings{taylor2012system,
	title={System safety and ISO 26262 compliance for automotive lithium-ion batteries},
	author={Taylor, William and Krithivasan, Gokul and Nelson, Jody J},
	booktitle={Product Compliance Engineering (ISPCE), 2012 IEEE Symposium on},
	pages={1--6},
	year={2012},
	organization={IEEE}
}

@article{dey2016sensor,
	title={Sensor fault detection, isolation, and estimation in lithium-ion batteries},
	author={Dey, Satadru and Mohon, Sara and Pisu, Pierluigi and Ayalew, Beshah},
	journal={IEEE Transactions on Control Systems Technology},
	volume={24},
	number={6},
	pages={2141--2149},
	year={2016},
	publisher={IEEE}
}

@inproceedings{giegerich2016open,
	title={Open, flexible and extensible battery management system for lithium-ion batteries in mobile and stationary applications},
	author={Giegerich, M and Akdere, M and Freund, C and F{\"u}hner, T and Grosch, JL and Koffel, S and Schwarz, R and Waldh{\"o}r, S and Wenger, M and Lorentz, VRH and others},
	booktitle={Industrial Electronics (ISIE), 2016 IEEE 25th International Symposium on},
	pages={991--996},
	year={2016},
	organization={IEEE}
}

@article{waag2014critical,
	title={Critical review of the methods for monitoring of lithium-ion batteries in electric and hybrid vehicles},
	author={Waag, Wladislaw and Fleischer, Christian and Sauer, Dirk Uwe},
	journal={Journal of Power Sources},
	volume={258},
	pages={321--339},
	year={2014},
	publisher={Elsevier}
}

@article{osaka2015development,
	title={Development of Diagnostic Process for Commercially Available Batteries, Especially Lithium Ion Battery, by Electrochemical Impedance Spectroscopy},
	author={Osaka, Tetsuya and Mukoyama, Daikichi and Nara, Hiroki},
	journal={Journal of The Electrochemical Society},
	volume={162},
	number={14},
	pages={A2529--A2537},
	year={2015},
	publisher={The Electrochemical Society}
}
